@article{GROVES2018,
title = "Effect of humidity on photoinduced radicals in human hair",
journal = "Free Radical Biology and Medicine",
volume = "121",
pages = "20 - 25",
year = "2018",
issn = "0891-5849",
doi = "https://doi.org/10.1016/j.freeradbiomed.2018.04.548",
url = "http://www.sciencedirect.com/science/article/pii/S0891584918307238",
author = "Philip Groves and Jennifer M. Marsh and Yiping Sun and Tanuja Chaudhary and Victor Chechik"
}

@article{Nogueira2006,
  doi = {10.1039/b504574f},
  url = {https://doi.org/10.1039/b504574f},
  year = {2006},
  publisher = {Royal Society of Chemistry ({RSC})},
  volume = {5},
  number = {2},
  pages = {165--169},
  author = {A. C. S. Nogueira and L. E. Dicelio and I. Joekes},
  title = {About photo-damage of human hair},
  journal = {Photochem. Photobiol. Sci.}
}

@article{Antosiewicz2016,
  doi = {10.1007/s12551-016-0198-6},
  url = {https://doi.org/10.1007/s12551-016-0198-6},
  year = {2016},
  month = may,
  publisher = {Springer Science and Business Media {LLC}},
  volume = {8},
  number = {2},
  pages = {151--161},
  author = {Jan M. Antosiewicz and David Shugar},
  title = {{UV}{\textendash}Vis spectroscopy of tyrosine side-groups in studies of protein structure. Part 1: basic principles and properties of tyrosine chromophore},
  journal = {Biophysical Reviews}
}

@article{Dunlop1965,
  doi = {10.1111/j.1751-1097.1965.tb07936.x},
  url = {https://doi.org/10.1111/j.1751-1097.1965.tb07936.x},
  year = {1965},
  month = oct,
  publisher = {Wiley},
  volume = {4},
  number = {5},
  pages = {881--890},
  author = {J. I. Dunlop and C. H. Nicholls},
  title = {{ELECTRON} {SPIN} {RESONANCE} {STUDIES} {OF} {ULTRAVIOLET} {IRRADIATED} {KERATIN} {AND} {RELATED} {PROTEINS}},
  journal = {Photochemistry and Photobiology}
}


@Article{sebetic2008,
   Author="Sebetic, K.  and Sjerobabski Masnec, I.  and Cavka, V.  and Biljan, D.  and Krolo, I. ",
   Title="{{U}{V} damage of the hair}",
   Journal="Coll Antropol",
   Year="2008",
   Volume="32 Suppl 2",
   Pages="163--165",
   Month="Oct"
}


@article{Ruetsch2000,
  title={Photodegradation of human hair: An SEM study},
  author={S. B. Ruetsch and Y. Kamath and H. D. Weigmann},
  year={2000},
  Journal={J. Cosmet. Sci},
  Volume={51},
  Pages={103--125}
}

@article{Pande1993,
  title={Hair photodamage: measurement and
prevention},
  author={C.M. Pande and J. Jachowicz},
  year={1993},
  Journal={J. Soc. Cosmet. Chem},
  Volume={44},
  Pages={109--122}
}





@article{SantosNogueira2004,
  doi = {10.1016/j.jphotobiol.2004.03.001},
  url = {https://doi.org/10.1016/j.jphotobiol.2004.03.001},
  year = {2004},
  month = may,
  publisher = {Elsevier {BV}},
  volume = {74},
  number = {2-3},
  pages = {109--117},
  author = {Ana Carolina Santos Nogueira and Ines Joekes},
  title = {Hair color changes and protein damage caused by ultraviolet radiation},
  journal = {Journal of Photochemistry and Photobiology B: Biology}
}


@BOOK{OpticalStimulated,
title =     {Optically Stimulated Luminescence: Fundamentals and Applications},@BOOK{OpticalStimulated,
title =     {Optically Stimulated Luminescence: Fundamentals and Applications},
author =    {Stephen McKeever, Eduardo G. Yukihara},
publisher = {Wiley},
isbn =      {0470697253,9780470697252,9780470977057,9780470977064,9780470977217},
year =      {2011},
series =    {},
edition =   {1},
}


@article{CoiledCoils,
author = {Burkhard, Peter and Stetefeld, Jorg and Strelkov, Sergei},
year = {2001},
month = {02},
pages = {82-88},
title = {Coiled coils: a highly versatile protein folding motif},
volume = {11},
journal = {Trends in Cell Biology}
}


@article{KeratinStructure,
	doi = {10.1016/j.pmatsci.2015.06.001},
	url = {https://doi.org/10.1016/2Fj.pmatsci.2015.06.001},
	year = 2016,
	month = {mar},
	publisher = {Elsevier {BV}},
	volume = {76},
	pages = {229--318},
	author = {Bin Wang and Wen Yang and Joanna McKittrick and Marc Andr{\'{e}} Meyers},
	title = {Keratin: Structure, mechanical properties, occurrence in biological organisms, and efforts at bioinspiration},
	journal = {Progress in Materials Science}
}


@article{marciniak2016epr,
  title={EPR dosimetry in nails—A review},
  author={Marciniak, Agnieszka and Ciesielski, Bartlomiej},
  journal={Applied Spectroscopy Reviews},
  volume={51},
  number={1},
  pages={73--92},
  year={2016},
  publisher={Taylor \& Francis}
}


@article{EPRofNail,
author = {Symons, M.C.R. and Chandra, H and Wyatt, J.L.},
year = {1995},
month = {01},
pages = {11-15},
title = {Electron Paramagnetic Resonance Spectra of Irradiated Finger-nails: A Possible Measure of Accidental Exposure},
volume = {58},
journal = {Radiation Protection Dosimetry},
doi = {10.1093/oxfordjournals.rpd.a082591}
}


@Article{Trompier2014,
author = {Trompier, F. and Romanyukha A. and Reyes, R. and Vezin, H. and Queinnec, F. and Gourier, D.},
title = {State of the art in nail dosimetry: free radicals identification and reaction mechanisms},
journal = {Radiation and Environmental Biophysics},
year = {2014},
volume = {53},
number = {2},
pages = {291--303},
doi= {10.1007/s00411-014-0512-2}
}




@Article{Symon1982,
author = {Symons, Martyn C. R.},
title  = {Electron spin resonance studies of ˙OH and ˙O– radicals in irradiated ice},
journal  = {J. Chem. Soc.{,} Faraday Trans. 1},
year  ={1982},
volume  ={78},
issue  = {6},
pages  = {1953-1959},
publisher  = {The Royal Society of Chemistry},
doi  = {10.1039/F19827801953},
url  = {http://dx.doi.org/10.1039/F19827801953},
}



@article{EPRbiodosimetry,
author = {Desrosiers, Marc and Schauer, David},
year = {2001},
month = {09},
pages = {219-228},
title = {Electron paramagnetic resonance (EPR) biodosimetry},
volume = {184},
journal = {Nuclear Instruments and Methods in Physics Research Section B: Beam Interactions with Materials and Atoms},
doi = {10.1016/S0168-583X(01)00614-0}
}



@article{Pailthorpe1972ESRACIDS,
title = {{ESR STUDIES OF THE LOW TEMPERATURE IRRADIATION OF KERATIN A N D ITS COMPONENT AMINO ACIDS}},
year = {1972},
author = {Pailthorpe, M T and Nicholls, C H},
volume = {15},
pages = {465--477},
journal = {Photochemistry and Photobiology}
}



@article{1987-SulphurA-keratins,
    author = {Chandra, Harish and Symons, Martyn},
    year = {1987},
    month = {08},
    pages = {833-834},
    title = {Sulphur radicals formed by cutting \alpha-keratin},
    volume = {328},
    journal = {Nature},
}



@article{Black2010ExRadicals,
    title = {{Ex vivo analysis of irradiated fingernails: Chemical yields and properties of radiation-induced and mechanically-induced radicals}},
    year = {2010},
    journal = {Health Physics},
    author = {Black, Paul J. and Swarts, Steven G.},
    number = {2},
    month = {2},
    pages = {301--308},
    volume = {98},
    doi = {10.1097/HP.0b013e3181b0c045},
    issn = {00179078},
    keywords = {Dosimetry, Exposure, occupational, Radiation, ionizing, Radiation, medical}
}




@article{Tipikin2016PossibleCalculations,
    title = {{Possible nature of the radiation-induced signal in nails: High-field EPR, confirming chemical synthesis, and quantum chemical calculations}},
    year = {2016},
    journal = {Radiation Protection Dosimetry},
    author = {Tipikin, Dmitriy S. and Swarts, Steven G. and Sidabras, Jason W. and Trompier, François and Swartz, Harold M.},
    number = {1-3},
    pages = {112--120},
    volume = {172},
    publisher = {Oxford University Press},
    doi = {10.1093/rpd/ncw216},
    issn = {17423406}
}



@article{Iikura2001,
author = {Iikura, Hisayoshi and Tsuneda, Takao and Yanai, Takeshi and Hirao, Kimihiko},
year = {2001},
month = {02},
pages = {3540},
title = {A long-range correction scheme for generalized-gradient-approximation exchange functionals},
volume = {115},
journal = {The Journal of Chemical Physics},
doi = {10.1063/1.1383587}
}



@article{neese2018software,
  title={Software update: the ORCA program system, version 4.0},
  author={Neese, Frank},
  journal={Wiley Interdisciplinary Reviews: Computational Molecular Science},
  volume={8},
  number={1},
  pages={e1327},
  year={2018},
  publisher={Wiley Online Library}
}